@article{
  Mantel_1910,
  title={Problem 28},
  volume={10},
  journaltitle={Wiskundige Opgaven met de Oplossingen},
  language={Dutch},
  journalsubtitle={Koninklijk Wiskundig Genootschap},
  author={Mantel, Willem},
  year={1910},
  pages={60â€“61}
} 
@article{
  Vizing_1965,
  title={Critical graphs with given chromatic class},
  journaltitle={Metody Diskret. Analiz.},
  volume={5},
  pages={9-17},
  language={Russian},
  author={Vizing, Vadim G},
  year={1910}
}
@article{erdos_pentagon_1984,
  title={On some problems in graph theory, combinatorial analysis and combinatorial number theory},
  author={Erdos, Paul},
  journal={Graph theory and combinatorics (Cambridge, 1983)},
  pages={1--17},
  year={1984}
}
